<?xml version = "1.0" encoding = "UTF-8"?><record>
  <leader>01709nam#a2200433#c#4500</leader>
  <controlfield tag="005">20210409090326.0</controlfield>
  <controlfield tag="007">tu</controlfield>
  <controlfield tag="008">140616|2014####gw############|1|#|#ger#c</controlfield>
  <controlfield tag="003">DE-605</controlfield>
  <controlfield tag="001">990204246530206441</controlfield>
  <datafield tag="016" ind1="7" ind2=" ">
    <subfield code="a">881390203</subfield>
    <subfield code="2">OCoLC</subfield>
  </datafield>
  <datafield tag="020" ind1=" " ind2=" ">
    <subfield code="a">9783943539233</subfield>
    <subfield code="c">Gb. : EUR 29.95 (DE), EUR 30.80 (AT), sfr 40.90 (freier Pr.)</subfield>
    <subfield code="9">978-3-943539-23-3</subfield>
    <subfield code="0">(uri) http://www.isbnsearch.org/isbn/9783943539233</subfield>
  </datafield>
  <datafield tag="035" ind1=" " ind2=" ">
    <subfield code="a">(DE-605)HT018295975</subfield>
  </datafield>
  <datafield tag="040" ind1=" " ind2=" ">
    <subfield code="a">6</subfield>
    <subfield code="b">ger</subfield>
    <subfield code="d">929</subfield>
    <subfield code="e">rakddb</subfield>
  </datafield>
  <datafield tag="041" ind1=" " ind2=" ">
    <subfield code="a">ger</subfield>
  </datafield>
  <datafield tag="044" ind1=" " ind2=" ">
    <subfield code="c">XA-DE-SN</subfield>
  </datafield>
  <datafield tag="084" ind1=" " ind2=" ">
    <subfield code="a">330</subfield>
    <subfield code="2">rpb</subfield>
  </datafield>
  <datafield tag="084" ind1=" " ind2=" ">
    <subfield code="a">560</subfield>
    <subfield code="2">rpb</subfield>
  </datafield>
  <datafield tag="084" ind1=" " ind2=" ">
    <subfield code="a">130</subfield>
    <subfield code="2">rpb</subfield>
  </datafield>
  <datafield tag="084" ind1=" " ind2=" ">
    <subfield code="a">900</subfield>
    <subfield code="q">DE-101</subfield>
    <subfield code="2">sdnb</subfield>
  </datafield>
  <datafield tag="245" ind1="0" ind2="0">
    <subfield code="a">Th&#252;ringische und rheinische Forschungen</subfield>
    <subfield code="b">Bonn - Koblenz - Weimar - Meiningen ; Festschrift f&#252;r Johannes M&#246;tsch zum 65. Geburtstag</subfield>
    <subfield code="c">hrsg. von Norbert Moczarski ...</subfield>
  </datafield>
  <datafield tag="250" ind1=" " ind2=" ">
    <subfield code="a">1. Aufl.</subfield>
  </datafield>
  <datafield tag="264" ind1=" " ind2="1">
    <subfield code="a">Leipzig [u.a.]</subfield>
    <subfield code="b">Salier</subfield>
    <subfield code="c">2014</subfield>
  </datafield>
  <datafield tag="300" ind1=" " ind2=" ">
    <subfield code="a">596 S. : Ill.</subfield>
  </datafield>
  <datafield tag="655" ind1=" " ind2="7">
    <subfield code="a">Bibliografie</subfield>
    <subfield code="0">(DE-588)4006432-3</subfield>
    <subfield code="2">gnd-content</subfield>
  </datafield>
  <datafield tag="655" ind1=" " ind2="7">
    <subfield code="a">Aufsatzsammlung</subfield>
    <subfield code="0">(DE-588)4143413-4</subfield>
    <subfield code="2">gnd-content</subfield>
  </datafield>
  <datafield tag="689" ind1="0" ind2="0">
    <subfield code="a">M&#246;tsch, Johannes</subfield>
    <subfield code="d">1949-</subfield>
    <subfield code="D">p</subfield>
    <subfield code="0">(DE-588)12174793X</subfield>
    <subfield code="0">(uri) https://portal.dnb.de/opac.htm?method=simpleSearch&amp;cqlMode=true&amp;query=idn=12174793X</subfield>
    <subfield code="0">(uri) http://viaf.org/viaf/sourceID/DNB|12174793X</subfield>
    <subfield code="B">GND-12174793X</subfield>
  </datafield>
  <datafield tag="689" ind1="1" ind2="0">
    <subfield code="a">Th&#252;ringen</subfield>
    <subfield code="D">g</subfield>
    <subfield code="0">(DE-588)4059979-6</subfield>
    <subfield code="0">(uri) https://portal.dnb.de/opac.htm?method=simpleSearch&amp;cqlMode=true&amp;query=idn=040599795</subfield>
    <subfield code="0">(uri) http://viaf.org/viaf/sourceID/DNB|040599795</subfield>
    <subfield code="B">GND-040599795</subfield>
  </datafield>
  <datafield tag="689" ind1="1" ind2="1">
    <subfield code="a">Geschichte</subfield>
    <subfield code="A">z</subfield>
  </datafield>
  <datafield tag="700" ind1="1" ind2=" ">
    <subfield code="a">Moczarski, Norbert</subfield>
    <subfield code="d">1953-</subfield>
    <subfield code="0">(DE-588)136529348</subfield>
    <subfield code="4">edt</subfield>
    <subfield code="0">(uri) https://portal.dnb.de/opac.htm?method=simpleSearch&amp;cqlMode=true&amp;query=idn=136529348</subfield>
    <subfield code="0">(uri) http://viaf.org/viaf/sourceID/DNB|136529348</subfield>
    <subfield code="B">GND-136529348</subfield>
  </datafield>
  <datafield tag="700" ind1="1" ind2=" ">
    <subfield code="a">M&#246;tsch, Johannes</subfield>
    <subfield code="d">1949-</subfield>
    <subfield code="0">(DE-588)12174793X</subfield>
    <subfield code="4">hnr</subfield>
    <subfield code="0">(uri) https://portal.dnb.de/opac.htm?method=simpleSearch&amp;cqlMode=true&amp;query=idn=12174793X</subfield>
    <subfield code="0">(uri) http://viaf.org/viaf/sourceID/DNB|12174793X</subfield>
    <subfield code="B">GND-12174793X</subfield>
  </datafield>
  <datafield tag="856" ind1="4" ind2="2">
    <subfield code="m">X:MVB</subfield>
    <subfield code="q">text/html</subfield>
    <subfield code="u">http://deposit.d-nb.de/cgi-bin/dokserv?id=4685554&amp;prov=M&amp;dok_var=1&amp;dok_ext=htm</subfield>
    <subfield code="3">Inhaltstext</subfield>
  </datafield>
  <datafield tag="856" ind1="4" ind2="2">
    <subfield code="m">B:DE-101</subfield>
    <subfield code="q">application/pdf</subfield>
    <subfield code="u">http://digitale-objekte.hbz-nrw.de/storage2/2014/11/09/file_16/5852707.pdf</subfield>
    <subfield code="3">Inhaltsverzeichnis</subfield>
    <subfield code="9">O:PKN</subfield>
  </datafield>
  <datafield tag="960" ind1="1" ind2=" ">
    <subfield code="n">NWBib-6</subfield>
  </datafield>
  <datafield tag="964" ind1="0" ind2="s">
    <subfield code="F">030</subfield>
    <subfield code="A">a||da||||||37</subfield>
  </datafield>
  <datafield tag="964" ind1="0" ind2="s">
    <subfield code="F">050</subfield>
    <subfield code="A">a|a|||||||||||</subfield>
  </datafield>
  <datafield tag="964" ind1="0" ind2="s">
    <subfield code="F">051</subfield>
    <subfield code="A">mf||||||</subfield>
  </datafield>
  <datafield tag="035" ind1=" " ind2=" ">
    <subfield code="a">(OCoLC)881390203</subfield>
    <subfield code="0">(uri) http://www.worldcat.org/oclc/881390203</subfield>
  </datafield>
  <datafield tag="035" ind1=" " ind2=" ">
    <subfield code="a">(DE-599)HBZHT018295975</subfield>
  </datafield>
  <datafield tag="MBD" ind1=" " ind2=" ">
    <subfield code="M">49HBZ_NETWORK</subfield>
    <subfield code="i">990204246530206441</subfield>
    <subfield code="n">HBZ Network</subfield>
  </datafield>
  <datafield tag="MNG" ind1=" " ind2=" ">
    <subfield code="c">System</subfield>
    <subfield code="f">ILS</subfield>
    <subfield code="i">marc21</subfield>
    <subfield code="k">01</subfield>
    <subfield code="e">false</subfield>
    <subfield code="d">2022-05-24 05:42:47 Europe/Berlin</subfield>
    <subfield code="g">020424653-HBZ01</subfield>
    <subfield code="j">60</subfield>
    <subfield code="a">import</subfield>
    <subfield code="b">2021-04-05 20:54:23 Europe/Berlin</subfield>
  </datafield>
  <datafield tag="GSI" ind1="7" ind2=" ">
    <subfield code="a">http://d-nb.info/gnd/12174793X</subfield>
    <subfield code="2">uri</subfield>
    <subfield code="A">GND</subfield>
    <subfield code="B">GND-12174793X</subfield>
    <subfield code="C">024</subfield>
  </datafield>
  <datafield tag="GSI" ind1="7" ind2=" ">
    <subfield code="a">136529348</subfield>
    <subfield code="0">http://d-nb.info/gnd/136529348</subfield>
    <subfield code="2">gnd</subfield>
    <subfield code="A">GND</subfield>
    <subfield code="B">GND-136529348</subfield>
    <subfield code="C">024</subfield>
  </datafield>
  <datafield tag="GSI" ind1="7" ind2=" ">
    <subfield code="a">0000 0000 3382 9617</subfield>
    <subfield code="2">isni</subfield>
    <subfield code="A">GND</subfield>
    <subfield code="B">GND-136529348</subfield>
    <subfield code="C">024</subfield>
  </datafield>
  <datafield tag="GSI" ind1="7" ind2=" ">
    <subfield code="a">n99263303</subfield>
    <subfield code="2">lccn</subfield>
    <subfield code="A">GND</subfield>
    <subfield code="B">GND-136529348</subfield>
    <subfield code="C">024</subfield>
  </datafield>
  <datafield tag="GSI" ind1="7" ind2=" ">
    <subfield code="a">54368383</subfield>
    <subfield code="2">viaf</subfield>
    <subfield code="A">GND</subfield>
    <subfield code="B">GND-136529348</subfield>
    <subfield code="C">024</subfield>
  </datafield>
  <datafield tag="GSI" ind1="7" ind2=" ">
    <subfield code="a">Q81716620</subfield>
    <subfield code="2">wikidata</subfield>
    <subfield code="A">GND</subfield>
    <subfield code="B">GND-136529348</subfield>
    <subfield code="C">024</subfield>
  </datafield>
  <datafield tag="GSI" ind1="7" ind2=" ">
    <subfield code="a">http://d-nb.info/gnd/12174793X</subfield>
    <subfield code="2">uri</subfield>
    <subfield code="A">GND</subfield>
    <subfield code="B">GND-12174793X</subfield>
    <subfield code="C">024</subfield>
  </datafield>
  <datafield tag="GSI" ind1="7" ind2=" ">
    <subfield code="a">4059979-6</subfield>
    <subfield code="0">http://d-nb.info/gnd/4059979-6</subfield>
    <subfield code="2">gnd</subfield>
    <subfield code="A">GND</subfield>
    <subfield code="B">GND-040599795</subfield>
    <subfield code="C">024</subfield>
  </datafield>
  <datafield tag="GSI" ind1="7" ind2=" ">
    <subfield code="a">2822542</subfield>
    <subfield code="2">geonames</subfield>
    <subfield code="A">GND</subfield>
    <subfield code="B">GND-040599795</subfield>
    <subfield code="C">024</subfield>
  </datafield>
  <datafield tag="GGN" ind1=" " ind2=" ">
    <subfield code="a">Freistaat Th&#252;ringen</subfield>
    <subfield code="A">GND</subfield>
    <subfield code="B">GND-040599795</subfield>
    <subfield code="C">451</subfield>
  </datafield>
  <datafield tag="GGN" ind1=" " ind2=" ">
    <subfield code="a">Land Th&#252;ringen</subfield>
    <subfield code="A">GND</subfield>
    <subfield code="B">GND-040599795</subfield>
    <subfield code="C">451</subfield>
  </datafield>
  <datafield tag="GGN" ind1=" " ind2=" ">
    <subfield code="a">Thuringia</subfield>
    <subfield code="A">GND</subfield>
    <subfield code="B">GND-040599795</subfield>
    <subfield code="C">451</subfield>
  </datafield>
  <datafield tag="GGN" ind1=" " ind2=" ">
    <subfield code="a">Th&#252;ringer Land</subfield>
    <subfield code="A">GND</subfield>
    <subfield code="B">GND-040599795</subfield>
    <subfield code="C">451</subfield>
  </datafield>
  <datafield tag="GGN" ind1=" " ind2=" ">
    <subfield code="a">Gro&#223;th&#252;ringen</subfield>
    <subfield code="A">GND</subfield>
    <subfield code="B">GND-040599795</subfield>
    <subfield code="C">451</subfield>
  </datafield>
  <datafield tag="GGN" ind1=" " ind2=" ">
    <subfield code="a">Grossth&#252;ringen</subfield>
    <subfield code="A">GND</subfield>
    <subfield code="B">GND-040599795</subfield>
    <subfield code="C">451</subfield>
  </datafield>
  <datafield tag="GGN" ind1=" " ind2=" ">
    <subfield code="a">Gro&#223;gemarkung Th&#252;ringen</subfield>
    <subfield code="A">GND</subfield>
    <subfield code="B">GND-040599795</subfield>
    <subfield code="C">451</subfield>
  </datafield>
  <datafield tag="GGN" ind1=" " ind2=" ">
    <subfield code="a">Vereinigte Th&#252;ringische Staaten</subfield>
    <subfield code="A">GND</subfield>
    <subfield code="B">GND-040599795</subfield>
    <subfield code="C">451</subfield>
  </datafield>
</record>